@online{test,
	author = {},
	title = {},
	year = {},
	url = {https://www.graphics.cornell.edu/about/what-computer-graphics},
}